<record><leader>00000cas a22000007a 4500</leader><controlfield tag="001">18702248</controlfield><controlfield tag="008">881102u1962uuuugauwr ne      0    0eng d</controlfield><datafield ind1=" " ind2=" " tag="010"><subfield code="a">sn 88054047 </subfield></datafield><datafield ind1=" " ind2=" " tag="040"><subfield code="a">NLG</subfield><subfield code="b">eng</subfield><subfield code="c">NLG</subfield><subfield code="d">GUA</subfield><subfield code="d">OCLCQ</subfield><subfield code="d">OCLCF</subfield><subfield code="d">OCLCO</subfield></datafield><datafield ind1="1" ind2=" " tag="029"><subfield code="a">AU@</subfield><subfield code="b">000025805868</subfield></datafield><datafield ind1=" " ind2=" " tag="042"><subfield code="a">msc</subfield></datafield><datafield ind1=" " ind2=" " tag="043"><subfield code="a">n-us-ga</subfield></datafield><datafield ind1="0" ind2="0" tag="245"><subfield code="a">Tri County suburban press.</subfield></datafield><datafield ind1=" " ind2=" " tag="260"><subfield code="a">Rossville, Ga. :</subfield><subfield code="b">C.E. Carter,</subfield><subfield code="c">1962-</subfield></datafield><datafield ind1=" " ind2=" " tag="300"><subfield code="a">v.</subfield></datafield><datafield ind1=" " ind2=" " tag="310"><subfield code="a">Weekly</subfield></datafield><datafield ind1="0" ind2=" " tag="362"><subfield code="a">Vol. 36, no. 36 (Mar. 23, 1962)-</subfield></datafield><datafield ind1=" " ind2=" " tag="500"><subfield code="a">Title varies slightly.</subfield></datafield><datafield ind1=" " ind2=" " tag="530"><subfield code="a">Also on microfilm: Athens, Ga. : University of Georgia Libraries.</subfield></datafield><datafield ind1=" " ind2="0" tag="651"><subfield code="a">Walker County (Ga.)</subfield><subfield code="v">Newspapers.</subfield></datafield><datafield ind1=" " ind2="0" tag="651"><subfield code="a">Catoosa County (Ga.)</subfield><subfield code="v">Newspapers.</subfield></datafield><datafield ind1=" " ind2="0" tag="651"><subfield code="a">Dade County (Ga.)</subfield><subfield code="v">Newspapers.</subfield></datafield><datafield ind1=" " ind2="7" tag="655"><subfield code="a">Newspapers.</subfield><subfield code="2">fast</subfield><subfield code="0">(OCoLC)fst01423814</subfield></datafield><datafield ind1=" " ind2="7" tag="651"><subfield code="a">Georgia</subfield><subfield code="z">Catoosa County.</subfield><subfield code="2">fast</subfield><subfield code="0">(OCoLC)fst01215086</subfield></datafield><datafield ind1=" " ind2="7" tag="651"><subfield code="a">Georgia</subfield><subfield code="z">Dade County.</subfield><subfield code="2">fast</subfield><subfield code="0">(OCoLC)fst01215156</subfield></datafield><datafield ind1=" " ind2="7" tag="651"><subfield code="a">Georgia</subfield><subfield code="z">Walker County.</subfield><subfield code="2">fast</subfield><subfield code="0">(OCoLC)fst01217119</subfield></datafield><datafield ind1=" " ind2=" " tag="752"><subfield code="a">United States</subfield><subfield code="b">Georgia</subfield><subfield code="c">Walker</subfield><subfield code="d">Rossville.</subfield></datafield><datafield ind1=" " ind2=" " tag="752"><subfield code="a">United States</subfield><subfield code="b">Georgia</subfield><subfield code="c">Catoosa.</subfield></datafield><datafield ind1=" " ind2=" " tag="752"><subfield code="a">United States</subfield><subfield code="b">Georgia</subfield><subfield code="c">Dade.</subfield></datafield><datafield ind1="0" ind2="0" tag="780"><subfield code="t">Rossville open gate</subfield><subfield code="w">(DLC)sn 88054048</subfield><subfield code="w">(OCoLC)18702280</subfield></datafield></record>